%% fp-sp.pdf
% descripción de programación funcional y un poco de historia
@misc{fokker,
  title={{Programaci{\'o}n funcional}},
  author={Fokker, J. and Kloos, C.D. and Madrid, N.M.},
  publisher={Technical report, Universidad de Utrech}
}

%% mushmaker.pdf
@article{ennals,
  title={{User-Friendly Functional Programming for Web Mashups}},
  author={Ennals, R. and Gay, D.},
  publisher={Citeseer}
}
