%% fp-sp.pdf
% descripción de programación funcional y un poco de historia
@misc{fokker,
  title={{Programaci{\'o}n funcional}},
  author={Fokker, J. and Kloos, C.D. and Madrid, N.M.},
  publisher={Technical report, Universidad de Utrech}
}

%% mushmaker.pdf
@article{ennals,
  title={{User-Friendly Functional Programming for Web Mashups}},
  author={Ennals, R. and Gay, D.},
  publisher={Citeseer}
}

@article{achour,
  author={Mehdi Achour, Friedhelm Betz et. al.},
  institution={The PHP Documentation Group},
  year={1997-2010},
  publisher={http://www.php.net/docs.php}
}

@article{resig,
  author={John Resig, Brandon Aaron et. al.},
  institution={jQuery Project(jQuery Core, jQuery UI, Sizzle and 
  QUnit)},
  year={2010},
  publisher={http://jquery.com}
}

@article{wc,
  title={{The World Wide Web Consortium}},
  institution={W3C (MIT, ERCIM, Keio)},
  year={2010},
  publisher={http://www.w3.org/}
}